% Here the references are listed in BibTeX format
