% Hier werden die Quellen im BibTeX-Format aufgef√ºhrt
